@string{author_not_to_be_indexed = "Contributors and A. D. Lewis and E. Frazzoli and S. Brennan and J. Radford"}
@string{author_not_to_be_indexed = "T. Basar and N. E. Leonard and R. M. Murray and D. Liberzon"}
@string{author_not_to_be_indexed = "D. Block and V. L. Coverstone and A. Sarti and M. Stein"}
@string{author_not_to_be_indexed = "M. Zefran and E. Masry and K. M. Lynch and M. W. Spong"}
@string{author_not_to_be_indexed = "J. W. Melody and J. J. Enright and A. Arsie"}
@string{author_not_to_be_indexed = "A. Jadbabaie and J. P. Hespanha and A. Bicchi and K. Fujimoto"}
@string{author_not_to_be_indexed = "M. Schwager and D. Skelly and D. Rus and D. Prattichizzo and S. Zampieri"}
@string{author_not_to_be_indexed = "I. Shames and B. Fidan and B. D. O. Anderson and B. Piccoli"}
@string{author_not_to_be_indexed = "J. Moehlis and P. Lindener and G. Orosz and T. Hatanaka and M. Fujita"}
@string{author_not_to_be_indexed = "C. Langbort and F. Allg{\"o}wer and M. B{\"u}rger and M. Khammash"}
@string{author_not_to_be_indexed = "G. Stepan and A. Surana and M. Franceschelli and D. Rosa and C. Seatzu and G. C. Calafiore"}
@string{author_not_to_be_indexed = "M. Chertkov and F. Zanella and L. Carlone and F. Morbidi and A. Franchi"}
@string{author_not_to_be_indexed = "J. K. Johnsen and B. Francis and J. M. Rieber and S. Martini and T. D. Krovel and M. Berger"}
@string{author_not_to_be_indexed = "Q. Shafiee and J. M. Guerrero and M. Jovanovic and B. Paden and K. Lewis"}
@string{author_not_to_be_indexed = "M. Khammash and S. Dasgupta and B. Fidan and B. D. O. Anderson and P. Tabuada"}
@string{author_not_to_be_indexed = "M. P. Eckstein and G. Taylor and J. M. Vasquez and B. E. Paden and T. Turpin"}
@string{author_not_to_be_indexed = "T. Susko and I. Ben-Yaacov and T. Das and L. Lenaburg and B. Franci and F. Fagnani and G. Como"}
@string{author_not_to_be_indexed = "A. K. Singh and B. Johnson and B. B. Johnson and S. Dhople and O. Camp\`as and S. V. Dhople and M. Rodriguez and V. Purba" }
@string{author_not_to_be_indexed = "B. Uzzi and X. Wang and L. Wang and K. S. Chan and J. {Ng Lane}"}
@string{author_not_to_be_indexed = "Y. Lin and G. Seo and W. Su and Z. Shi and Y. Zhong and H. Wang and K. S. Sato"}
@string{author_not_to_be_indexed = "Z. Chen and J. He and P. Cheng and H. L. Trentelman and J. Chen and G. Wang and J. Sun and W. Liu"}
@string{author_not_to_be_indexed = "C. Beck and G. Como and K. Drakopoulos and D. H. Nguyen and C. Nowzari and V. M. Preciado and S. Sundaram"}
@string{author_not_to_be_indexed = "S. Coogan and M. Abate and {M.~E.} Valcher and R. Ofir and M. Margaliot and F. Dabbene and C. Ravazzi"}

@string{author_not_to_be_indexed = "E. {Bar Shalom} and M. di Bernardo and A. Swami and A. Ovseevich and O. Dalin and J. M. Hendrickx"}
@string{author_not_to_be_indexed = "X. He and R. Zou and J. Cheng and {E. Dall'Anese} and A. G. Alleyne and J. Marden and J. R. Marden and C. Hughes"}
@string{author_not_to_be_indexed = "E. {Dall'Anese} and Z. Marvi and D. Lapsekili and C. Hughes"}

@string{WAS_author_not_to_be_indexed = "S. Aranda and C. L. Robinson and G. J. Toussaint and W. T. Cerven and J. Cortes and S. Martinez and T. Karatas and M. Spindler"}



@string{index_file_title = "Publications of Francesco Bullo"}
@string{index_page_title = "Publications of Francesco Bullo"}
@string{ complete_biblio_file_title = "All publications by year" } 
@string{ complete_biblio_default_file_title = "All publications" } 
@string{ complete_biblio_page_title = "All publications sorted by year" } 
@string{ complete_biblio_default_page_title = "All publications" } 


@string{use_icons = 0}
@string{keyword_create_pages = 1}

@string{index_write_disclaimer = 0}
@string{author_write_disclaimer = 0}
@string{keyword_write_disclaimer = 0}
@string{category_write_disclaimer = 0}
@string{year_write_disclaimer = 0}
@string{complete_year_write_disclaimer = 0}
@string{partial_year_write_disclaimer = 0}
@string{complete_biblio_write_disclaimer = 0}

@string{index_write_author = 0}
@string{author_write_author = 0}
@string{keyword_write_author = 0}
@string{category_write_author = 0}
@string{complete_year_write_author = 0}
@string{complete_biblio_write_author = 0}


@string{index_write_credits = 0}
@string{author_write_credits = 0}
@string{keyword_write_credits = 0}
@string{category_write_credits = 0}
@string{complete_year_write_credits = 0}
@string{complete_biblio_write_credits = 0}


@string{index_write_date = 0}
@string{author_write_date = 0}
@string{keyword_write_date = 0}
@string{category_write_date = 0}
@string{complete_year_write_date = 0}
@string{complete_biblio_write_date = 0}


@string{index_write_bibtex_key = 0}
@string{author_write_bibtex_key = 0}
@string{keyword_write_bibtex_key = 0}
@string{category_write_bibtex_key = 0}
@string{complete_year_write_bibtex_key = 0}
@string{complete_biblio_write_bibtex_key = 0}
